@misc{https://doi.org/10.48550/arxiv.2108.09004,
  doi = {10.48550/ARXIV.2108.09004},
  
  url = {https://arxiv.org/abs/2108.09004},
  
  author = {Morrell, Hector Jose and Zaman, Anika and Wong, Hiu Yung},
  
  keywords = {Quantum Physics (quant-ph), Physics Education (physics.ed-ph), FOS: Physical sciences, FOS: Physical sciences},
  
  title = {Step-by-Step HHL Algorithm Walkthrough to Enhance the Understanding of Critical Quantum Computing Concepts},
  
  publisher = {arXiv},
  
  year = {2021},
  
  copyright = {arXiv.org perpetual, non-exclusive license}
}
@Misc{qiskit,
title = {Solving Linear Systems of Equations using HHL},
howpublished = {\url{https://qiskit.org/textbook/ch-applications/hhl_tutorial.html}}
}
@article{Harrow_2009,
	doi = {10.1103/physrevlett.103.150502},
  
	url = {https://doi.org/10.1103%2Fphysrevlett.103.150502},
  
	year = 2009,
	month = {oct},
  
	publisher = {American Physical Society ({APS})},
  
	volume = {103},
  
	number = {15},
  
	author = {Aram W. Harrow and Avinatan Hassidim and Seth Lloyd},
  
	title = {Quantum Algorithm for Linear Systems of Equations},
  
	journal = {Physical Review Letters}
}