@misc{timeline,
  title = {AI Timeline - A History of Text-to-Image ML Models,
  howpublished = {\url{https://www.fabianmosele.com/ai-timeline}},
  author = {Fabian Mosele},
  note = {Accessed: 2022-12-16}
}

@misc{stablediffusionesource,
  title = {Stable Diffusion - GitHub,
  howpublished = {\url{https://github.com/CompVis/stable-diffusion}},
  note = {Accessed: 2022-12-16}
}

@misc{dallemini,
  title = {Dall-E Mini,
  howpublished = {\url{https://github.com/borisdayma/dalle-mini/}},
  author = {Boris Dayma},
  note = {Accessed: 2022-12-16}
}

@misc{laion5b,
  title = {Laion 5B,
  howpublished = {\url{https://laion.ai/blog/laion-5b/}},
  author = {Romain Beaumont},
  note = {Accessed: 2022-12-16}
}

%Apr 2022
%DALL-E 2
@misc{dalle2,
  title = {DALL-E 2,
  howpublished = {\url{https://openai.com/dall-e-2/}},
  note = {Accessed: 2022-12-16}
}

%Mar 2022
@misc{midjourney,
  title = {Midjourney,
  howpublished = {\url{https://www.midjourney.com/home/}},
  note = {Accessed: 2022-12-16}
}

%Dec 2021
@misc{latentdiffusionpaper,
title = {High-Resolution Image Synthesis with Latent Diffusion Models},
author = {Robin Rombach and Andreas Blattmann and Dominik Lorenz and Patrick Esser and BjÃ¶rn Ommer},
url = {https://github.com/CompVis/latent-diffusionhttps://arxiv.org/abs/2112.10752},
year  = {2022},
booktitle = {Proceedings of the IEEE Conference on Computer Vision and Pattern Recognition (CVPR)}
}

%Dec 2021
@misc{latentdiffusionsource,
  title = {Latent Diffusion - GitHub,
  howpublished = {\url{https://github.com/CompVis/latent-diffusion}},
  note = {Accessed: 2022-12-16}
}

%Nov 2021
%-> nVidia Canvas
@misc{gaugan2,
  title = {GauGAN2,
  howpublished = {\url{https://blogs.nvidia.com/blog/2021/11/22/gaugan2-ai-art-demo/}},
  note = {Accessed: 2022-12-16}
}

%Jan 2021
@misc{dallepaper,
  doi = {10.48550/ARXIV.2102.12092},
  
  url = {https://arxiv.org/abs/2102.12092},
  
  author = {Ramesh, Aditya and Pavlov, Mikhail and Goh, Gabriel and Gray, Scott and Voss, Chelsea and Radford, Alec and Chen, Mark and Sutskever, Ilya},
  
  keywords = {Computer Vision and Pattern Recognition (cs.CV), Machine Learning (cs.LG), FOS: Computer and information sciences, FOS: Computer and information sciences},
  
  title = {Zero-Shot Text-to-Image Generation},
  
  publisher = {arXiv},
  
  year = {2021},
  
  copyright = {Creative Commons Attribution 4.0 International}
}

%Jun 2020
@misc{denoisingdpm,
  doi = {10.48550/ARXIV.2006.11239},
  
  url = {https://arxiv.org/abs/2006.11239},
  
  author = {Ho, Jonathan and Jain, Ajay and Abbeel, Pieter},
  
  keywords = {Machine Learning (cs.LG), Machine Learning (stat.ML), FOS: Computer and information sciences, FOS: Computer and information sciences},
  
  title = {Denoising Diffusion Probabilistic Models},
  
  publisher = {arXiv},
  
  year = {2020},
  
  copyright = {arXiv.org perpetual, non-exclusive license}
}


%Dec 2019
@misc{thispersondoesnotexist,
  title = {This Person Does Not Exist,
  howpublished = {\url{https://thispersondoesnotexist.com/}},
  note = {Accessed: 2022-12-16}
}

%Dec 2019
@article{stylegan2,
  author    = {Tero Karras and
               Samuli Laine and
               Miika Aittala and
               Janne Hellsten and
               Jaakko Lehtinen and
               Timo Aila},
  title     = {Analyzing and Improving the Image Quality of StyleGAN},
  journal   = {CoRR},
  volume    = {abs/1912.04958},
  year      = {2019},
  url       = {http://arxiv.org/abs/1912.04958},
  eprinttype = {arXiv},
  eprint    = {1912.04958},
  timestamp = {Thu, 02 Jan 2020 18:08:18 +0100},
  biburl    = {https://dblp.org/rec/journals/corr/abs-1912-04958.bib},
  bibsource = {dblp computer science bibliography, https://dblp.org}
}

%Jul 2019
@article{langevindynamics,
  author    = {Yang Song and
               Stefano Ermon},
  title     = {Generative Modeling by Estimating Gradients of the Data Distribution},
  journal   = {CoRR},
  volume    = {abs/1907.05600},
  year      = {2019},
  url       = {http://arxiv.org/abs/1907.05600},
  eprinttype = {arXiv},
  eprint    = {1907.05600},
  timestamp = {Thu, 01 Oct 2020 17:52:46 +0200},
  biburl    = {https://dblp.org/rec/journals/corr/abs-1907-05600.bib},
  bibsource = {dblp computer science bibliography, https://dblp.org}
}

%Mar 2019
@article{GauGan,
  author    = {Taesung Park and
               Ming{-}Yu Liu and
               Ting{-}Chun Wang and
               Jun{-}Yan Zhu},
  title     = {Semantic Image Synthesis with Spatially-Adaptive Normalization},
  journal   = {CoRR},
  volume    = {abs/1903.07291},
  year      = {2019},
  url       = {http://arxiv.org/abs/1903.07291},
  eprinttype = {arXiv},
  eprint    = {1903.07291},
  timestamp = {Mon, 01 Apr 2019 14:07:37 +0200},
  biburl    = {https://dblp.org/rec/journals/corr/abs-1903-07291.bib},
  bibsource = {dblp computer science bibliography, https://dblp.org}
}

%Dec 2018
@article{stylegan,
  author    = {Tero Karras and
               Samuli Laine and
               Timo Aila},
  title     = {A Style-Based Generator Architecture for Generative Adversarial Networks},
  journal   = {CoRR},
  volume    = {abs/1812.04948},
  year      = {2018},
  url       = {http://arxiv.org/abs/1812.04948},
  eprinttype = {arXiv},
  eprint    = {1812.04948},
  timestamp = {Tue, 01 Jan 2019 15:01:25 +0100},
  biburl    = {https://dblp.org/rec/journals/corr/abs-1812-04948.bib},
  bibsource = {dblp computer science bibliography, https://dblp.org}
}

%Mar 2017
@article{styletransfer,
  author    = {Xun Huang and
               Serge J. Belongie},
  title     = {Arbitrary Style Transfer in Real-time with Adaptive Instance Normalization},
  journal   = {CoRR},
  volume    = {abs/1703.06868},
  year      = {2017},
  url       = {http://arxiv.org/abs/1703.06868},
  eprinttype = {arXiv},
  eprint    = {1703.06868},
  timestamp = {Mon, 13 Aug 2018 16:46:12 +0200},
  biburl    = {https://dblp.org/rec/journals/corr/HuangB17.bib},
  bibsource = {dblp computer science bibliography, https://dblp.org}
}

%Mar 2015
@article{diffusionmodels,
  author    = {Jascha Sohl{-}Dickstein and
               Eric A. Weiss and
               Niru Maheswaranathan and
               Surya Ganguli},
  title     = {Deep Unsupervised Learning using Nonequilibrium Thermodynamics},
  journal   = {CoRR},
  volume    = {abs/1503.03585},
  year      = {2015},
  url       = {http://arxiv.org/abs/1503.03585},
  eprinttype = {arXiv},
  eprint    = {1503.03585},
  timestamp = {Mon, 13 Aug 2018 16:47:30 +0200},
  biburl    = {https://dblp.org/rec/journals/corr/Sohl-DicksteinW15.bib},
  bibsource = {dblp computer science bibliography, https://dblp.org}
}

%Jun 2014
@misc{GANs,
  doi = {10.48550/ARXIV.1406.2661},
  
  url = {https://arxiv.org/abs/1406.2661},
  
  author = {Goodfellow, Ian J. and Pouget-Abadie, Jean and Mirza, Mehdi and Xu, Bing and Warde-Farley, David and Ozair, Sherjil and Courville, Aaron and Bengio, Yoshua},
  
  keywords = {Machine Learning (stat.ML), Machine Learning (cs.LG), FOS: Computer and information sciences, FOS: Computer and information sciences},
  
  title = {Generative Adversarial Networks},
  
  publisher = {arXiv},
  
  year = {2014},
  
  copyright = {arXiv.org perpetual, non-exclusive license}
}
